%YAML 1.1
%TAG !u! tag:unity3d.com,2011:
--- !u!1 &995886276
GameObject:
  m_ObjectHideFlags: 0
  m_CorrespondingSourceObject: {fileID: 0}
  m_PrefabInstance: {fileID: 0}
  m_PrefabAsset: {fileID: 0}
  serializedVersion: 6
  m_Component:
  - component: {fileID: 995886277}
  m_Layer: 0
  m_Name: CenterOfMass
  m_TagString: Untagged
  m_Icon: {fileID: 0}
  m_NavMeshLayer: 0
  m_StaticEditorFlags: 0
  m_IsActive: 1
--- !u!4 &995886277
Transform:
  m_ObjectHideFlags: 0
  m_CorrespondingSourceObject: {fileID: 0}
  m_PrefabInstance: {fileID: 0}
  m_PrefabAsset: {fileID: 0}
  m_GameObject: {fileID: 995886276}
  m_LocalRotation: {x: -0, y: -0, z: -0, w: 1}
  m_LocalPosition: {x: 0, y: 0.45000005, z: 0.94}
  m_LocalScale: {x: 1, y: 1, z: 1}
  m_Children: []
  m_Father: {fileID: 5378609759978859584}
  m_RootOrder: 16
  m_LocalEulerAnglesHint: {x: 0, y: 0, z: 0}
--- !u!54 &1343424745
Rigidbody:
  m_ObjectHideFlags: 0
  m_CorrespondingSourceObject: {fileID: 0}
  m_PrefabInstance: {fileID: 0}
  m_PrefabAsset: {fileID: 0}
  m_GameObject: {fileID: 5378609759978696800}
  serializedVersion: 2
  m_Mass: 1000
  m_Drag: 0.05
  m_AngularDrag: 0.05
  m_UseGravity: 1
  m_IsKinematic: 0
  m_Interpolate: 0
  m_Constraints: 0
  m_CollisionDetection: 0
--- !u!65 &1343424744
BoxCollider:
  m_ObjectHideFlags: 0
  m_CorrespondingSourceObject: {fileID: 0}
  m_PrefabInstance: {fileID: 0}
  m_PrefabAsset: {fileID: 0}
  m_GameObject: {fileID: 5378609759978696800}
  m_Material: {fileID: 0}
  m_IsTrigger: 0
  m_Enabled: 1
  serializedVersion: 2
  m_Size: {x: 3.065485, y: 0.045017242, z: 3.8850055}
  m_Center: {x: 0.12366104, y: 0.6725087, z: -0.5916054}
--- !u!114 &1343424746
MonoBehaviour:
  m_ObjectHideFlags: 0
  m_CorrespondingSourceObject: {fileID: 0}
  m_PrefabInstance: {fileID: 0}
  m_PrefabAsset: {fileID: 0}
  m_GameObject: {fileID: 5378609759978696800}
  m_Enabled: 1
  m_EditorHideFlags: 0
  m_Script: {fileID: 11500000, guid: 908789e53133c19469b8b3e30f4914cf, type: 3}
  m_Name: 
  m_EditorClassIdentifier: 
  WheelL: {fileID: 2136712801}
  WheelR: {fileID: 652189372}
  AntiRoll: 10000
  carRigidBody: {fileID: 1343424745}
  naturalFrequency: 5
  dampingRatio: 1
  forceShift: -0.271
  setSuspensionDistance: 1
--- !u!114 &1343424747
MonoBehaviour:
  m_ObjectHideFlags: 0
  m_CorrespondingSourceObject: {fileID: 0}
  m_PrefabInstance: {fileID: 0}
  m_PrefabAsset: {fileID: 0}
  m_GameObject: {fileID: 5378609759978696800}
  m_Enabled: 1
  m_EditorHideFlags: 0
  m_Script: {fileID: 11500000, guid: 8b4e3eca07c30524f88e1d2457da9fcd, type: 3}
  m_Name: 
  m_EditorClassIdentifier: 
  strengthValue: 400000
  input: {fileID: 0}
  throttleWheels:
  - {fileID: 1795094845}
  - {fileID: 225229004}
  - {fileID: 652189372}
  - {fileID: 2136712801}
  steeringWheels:
  - {fileID: 1795094845}
  - {fileID: 225229004}
  maxTurn: 116.1
  speed: 0.436
  CenterOfMass: {fileID: 995886277}
  rb: {fileID: 1343424745}
  gridValue: 1
--- !u!114 &1343424748
MonoBehaviour:
  m_ObjectHideFlags: 0
  m_CorrespondingSourceObject: {fileID: 0}
  m_PrefabInstance: {fileID: 0}
  m_PrefabAsset: {fileID: 0}
  m_GameObject: {fileID: 5378609759978696800}
  m_Enabled: 1
  m_EditorHideFlags: 0
  m_Script: {fileID: 11500000, guid: d2c93167323989f4fbc97e56c4df5a13, type: 3}
  m_Name: 
  m_EditorClassIdentifier: 
  throttle: 0
  steer: 0
--- !u!146 &2136712801
WheelCollider:
  m_ObjectHideFlags: 0
  m_CorrespondingSourceObject: {fileID: 0}
  m_PrefabInstance: {fileID: 0}
  m_PrefabAsset: {fileID: 0}
  m_GameObject: {fileID: 5378609759978696826}
  m_Center: {x: 0, y: 0, z: 0}
  m_Radius: 0.5
  m_SuspensionSpring:
    spring: 4000
    damper: 2000
    targetPosition: 0.5
  m_SuspensionDistance: 0.3
  m_ForceAppPointDistance: 0
  m_Mass: 20
  m_WheelDampingRate: 0.25
  m_ForwardFriction:
    m_ExtremumSlip: 0.4
    m_ExtremumValue: 1
    m_AsymptoteSlip: 0.8
    m_AsymptoteValue: 0.5
    m_Stiffness: 1
  m_SidewaysFriction:
    m_ExtremumSlip: 0.2
    m_ExtremumValue: 1
    m_AsymptoteSlip: 0.5
    m_AsymptoteValue: 0.75
    m_Stiffness: 1
  m_Enabled: 1
--- !u!146 &652189372
WheelCollider:
  m_ObjectHideFlags: 0
  m_CorrespondingSourceObject: {fileID: 0}
  m_PrefabInstance: {fileID: 0}
  m_PrefabAsset: {fileID: 0}
  m_GameObject: {fileID: 5378609759978696824}
  m_Center: {x: 0, y: 0, z: 0}
  m_Radius: 0.5
  m_SuspensionSpring:
    spring: 4000
    damper: 2000
    targetPosition: 0.5
  m_SuspensionDistance: 0.3
  m_ForceAppPointDistance: 0
  m_Mass: 20
  m_WheelDampingRate: 0.25
  m_ForwardFriction:
    m_ExtremumSlip: 0.4
    m_ExtremumValue: 1
    m_AsymptoteSlip: 0.8
    m_AsymptoteValue: 0.5
    m_Stiffness: 1
  m_SidewaysFriction:
    m_ExtremumSlip: 0.2
    m_ExtremumValue: 1
    m_AsymptoteSlip: 0.5
    m_AsymptoteValue: 0.75
    m_Stiffness: 1
  m_Enabled: 1
--- !u!146 &225229004
WheelCollider:
  m_ObjectHideFlags: 0
  m_CorrespondingSourceObject: {fileID: 0}
  m_PrefabInstance: {fileID: 0}
  m_PrefabAsset: {fileID: 0}
  m_GameObject: {fileID: 5378609759978696830}
  m_Center: {x: 0, y: 0, z: 0}
  m_Radius: 0.5
  m_SuspensionSpring:
    spring: 4000
    damper: 2000
    targetPosition: 0.5
  m_SuspensionDistance: 0.3
  m_ForceAppPointDistance: 0
  m_Mass: 20
  m_WheelDampingRate: 0.25
  m_ForwardFriction:
    m_ExtremumSlip: 0.4
    m_ExtremumValue: 1
    m_AsymptoteSlip: 0.8
    m_AsymptoteValue: 0.5
    m_Stiffness: 1
  m_SidewaysFriction:
    m_ExtremumSlip: 0.2
    m_ExtremumValue: 1
    m_AsymptoteSlip: 0.5
    m_AsymptoteValue: 0.75
    m_Stiffness: 1
  m_Enabled: 1
--- !u!146 &1795094845
WheelCollider:
  m_ObjectHideFlags: 0
  m_CorrespondingSourceObject: {fileID: 0}
  m_PrefabInstance: {fileID: 0}
  m_PrefabAsset: {fileID: 0}
  m_GameObject: {fileID: 5378609759978696828}
  m_Center: {x: 0, y: 0, z: 0}
  m_Radius: 0.5
  m_SuspensionSpring:
    spring: 4000
    damper: 2000
    targetPosition: 0.5
  m_SuspensionDistance: 0.3
  m_ForceAppPointDistance: 0
  m_Mass: 20
  m_WheelDampingRate: 0.25
  m_ForwardFriction:
    m_ExtremumSlip: 0.4
    m_ExtremumValue: 1
    m_AsymptoteSlip: 0.8
    m_AsymptoteValue: 0.5
    m_Stiffness: 1
  m_SidewaysFriction:
    m_ExtremumSlip: 0.2
    m_ExtremumValue: 1
    m_AsymptoteSlip: 0.5
    m_AsymptoteValue: 0.75
    m_Stiffness: 1
  m_Enabled: 1
--- !u!1001 &5378609759978731202
PrefabInstance:
  m_ObjectHideFlags: 0
  serializedVersion: 2
  m_Modification:
    m_TransformParent: {fileID: 0}
    m_Modifications:
    - target: {fileID: 100002, guid: bd5297d9a5b63ad48912675a84018a7b, type: 3}
      propertyPath: m_Name
      value: car_v1
      objectReference: {fileID: 0}
    - target: {fileID: 400002, guid: bd5297d9a5b63ad48912675a84018a7b, type: 3}
      propertyPath: m_LocalPosition.x
      value: 3.6409411
      objectReference: {fileID: 0}
    - target: {fileID: 400002, guid: bd5297d9a5b63ad48912675a84018a7b, type: 3}
      propertyPath: m_LocalPosition.y
      value: 2.46
      objectReference: {fileID: 0}
    - target: {fileID: 400002, guid: bd5297d9a5b63ad48912675a84018a7b, type: 3}
      propertyPath: m_LocalPosition.z
      value: 0.44
      objectReference: {fileID: 0}
    - target: {fileID: 400002, guid: bd5297d9a5b63ad48912675a84018a7b, type: 3}
      propertyPath: m_LocalRotation.x
      value: 0
      objectReference: {fileID: 0}
    - target: {fileID: 400002, guid: bd5297d9a5b63ad48912675a84018a7b, type: 3}
      propertyPath: m_LocalRotation.y
      value: 0
      objectReference: {fileID: 0}
    - target: {fileID: 400002, guid: bd5297d9a5b63ad48912675a84018a7b, type: 3}
      propertyPath: m_LocalRotation.z
      value: 0
      objectReference: {fileID: 0}
    - target: {fileID: 400002, guid: bd5297d9a5b63ad48912675a84018a7b, type: 3}
      propertyPath: m_LocalRotation.w
      value: 1
      objectReference: {fileID: 0}
    - target: {fileID: 400002, guid: bd5297d9a5b63ad48912675a84018a7b, type: 3}
      propertyPath: m_RootOrder
      value: 0
      objectReference: {fileID: 0}
    - target: {fileID: 400002, guid: bd5297d9a5b63ad48912675a84018a7b, type: 3}
      propertyPath: m_LocalEulerAnglesHint.x
      value: 0
      objectReference: {fileID: 0}
    - target: {fileID: 400002, guid: bd5297d9a5b63ad48912675a84018a7b, type: 3}
      propertyPath: m_LocalEulerAnglesHint.y
      value: 0
      objectReference: {fileID: 0}
    - target: {fileID: 400002, guid: bd5297d9a5b63ad48912675a84018a7b, type: 3}
      propertyPath: m_LocalEulerAnglesHint.z
      value: 0
      objectReference: {fileID: 0}
    - target: {fileID: 3300026, guid: bd5297d9a5b63ad48912675a84018a7b, type: 3}
      propertyPath: m_Mesh
      value: 
      objectReference: {fileID: 4300014, guid: bd5297d9a5b63ad48912675a84018a7b, type: 3}
    m_RemovedComponents: []
  m_SourcePrefab: {fileID: 100100000, guid: bd5297d9a5b63ad48912675a84018a7b, type: 3}
--- !u!1 &5378609759978696800 stripped
GameObject:
  m_CorrespondingSourceObject: {fileID: 100002, guid: bd5297d9a5b63ad48912675a84018a7b,
    type: 3}
  m_PrefabInstance: {fileID: 5378609759978731202}
  m_PrefabAsset: {fileID: 0}
--- !u!4 &5378609759978859584 stripped
Transform:
  m_CorrespondingSourceObject: {fileID: 400002, guid: bd5297d9a5b63ad48912675a84018a7b,
    type: 3}
  m_PrefabInstance: {fileID: 5378609759978731202}
  m_PrefabAsset: {fileID: 0}
--- !u!1 &5378609759978696826 stripped
GameObject:
  m_CorrespondingSourceObject: {fileID: 100024, guid: bd5297d9a5b63ad48912675a84018a7b,
    type: 3}
  m_PrefabInstance: {fileID: 5378609759978731202}
  m_PrefabAsset: {fileID: 0}
--- !u!1 &5378609759978696824 stripped
GameObject:
  m_CorrespondingSourceObject: {fileID: 100026, guid: bd5297d9a5b63ad48912675a84018a7b,
    type: 3}
  m_PrefabInstance: {fileID: 5378609759978731202}
  m_PrefabAsset: {fileID: 0}
--- !u!1 &5378609759978696830 stripped
GameObject:
  m_CorrespondingSourceObject: {fileID: 100028, guid: bd5297d9a5b63ad48912675a84018a7b,
    type: 3}
  m_PrefabInstance: {fileID: 5378609759978731202}
  m_PrefabAsset: {fileID: 0}
--- !u!1 &5378609759978696828 stripped
GameObject:
  m_CorrespondingSourceObject: {fileID: 100030, guid: bd5297d9a5b63ad48912675a84018a7b,
    type: 3}
  m_PrefabInstance: {fileID: 5378609759978731202}
  m_PrefabAsset: {fileID: 0}
